@WEBSITE{Flutter:Documentation,
	title={Flutter architectural overview},
	year={updated 2023. },
	publisher={Google}
}

@WEBSITE{MongoDB:Documentation,
	title={The Modern Application Stack – Part 2: Using MongoDB With Node.js | MongoDB Blog},
	publisher={MongoDB},
	year={updated 2023. }
}

@ARTICLE{covid19:2022jd,
	author = {M.~D.~Hopp and M.~H\"{a}ndel},
	title = {The structure of social networks and its link to higher education students’ socio-emotional loneliness during covid-19},
	journal = {Frontiers in Psychology},
	year = {2022},
	volume = {vol 12},
}

@ARTICLE{Parlak:2012qr,
	title = {Students' increased time spent on social media, and their level of coronavirus anxiety during the pandemic predict increased social media addiction},
	author = {H. Parlak Sert and H. Ba\"{s}kale},
	journal = {Health Information and Libraries Journal},
	year = {2022},
}